@misc{b5,
    title     = "MiniSat Page",
    url       = "http://minisat.se/"
}

@misc{b6,
    title     = "Install WSL",
    url       = "https://learn.microsoft.com/en-us/windows/wsl/install"
}

@misc{b7,
    title     = "SAT Competition",
    url       = "http://www.satcompetition.org"
}

@article{b8,
    author    = "Tasniem Al-Yahya et al.",
    title     = "Boosting the Performance of CDCL-Based SAT Solvers by Exploiting Backbones and Backdoors",
    journal   = "Algorithms",
    year      = "2022",
    volume    = "15",
    number    = "9",
    pages     = "302",
    doi       = "10.3390/a15090302",
    publisher = "MDPI"
}

@article{b9,
    author    = "Armin Biere",
    title     = "MiniSat and Beyond: Improving SAT Solvers for Industrial Use",
    journal   = "Journal of Algorithms and Computation",
    year      = "Year Unknown",
    note      = "In this paper, the author discusses the architecture of MiniSat and possible optimizations for industrial applications."
}
